@ARTICLE{Hart68,
  AUTHOR={Peter E. Hart, Nils J. Nilsson, and Bertram Raphael},
  TITLE={A formal basis for the heuristic determination of minimum cost paths},
  JOURNAL={IEEE Transactions on Systems, Science, and Cybernetics},
  PAGES={100-107},
  NUMBER={2},
  VOLUME={SSC-4},
  YEAR={1968}
}

@article{Dijkstra59,
   author = "Edsger W. Dijkstra",
   title = "A note on two problems in connexion with graphs.",
   year = "1959",
   journal = "Numerische Mathematik",
   volume = 1,
   pages = {269--271},
   number={}
   }
   
@article{Mohring07,
 author = {M\"{o}hring, Rolf H. and Schilling, Heiko and Sch\"{u}tz, Birk and Wagner, Dorothea and Willhalm, Thomas},
 title = {Partitioning Graphs to Speedup Dijkstra's Algorithm},
 journal = {J. Exp. Algorithmics},
 issue_date = {2006},
 volume = {11},
 month = feb,
 year = {2007},
 issn = {1084-6654},
 articleno = {2.8},
 url = {http://doi.acm.org/10.1145/1187436.1216585},
 doi = {10.1145/1187436.1216585},
 acmid = {1216585},
 publisher = {ACM},
 address = {New York, NY, USA},
 keywords = {Dijkstra's algorithm, Shortest path, acceleration method, road network}
} 

@inproceedings{Meyer98,
 author = {Meyer, Ulrich and Sanders, Peter},
 title = {Delta-Stepping: A Parallel Single Source Shortest Path Algorithm},
 booktitle = {Proceedings of the 6th Annual European Symposium on Algorithms},
 series = {ESA '98},
 year = {1998},
 isbn = {3-540-64848-8},
 pages = {393--404},
 numpages = {12},
 url = {http://dl.acm.org/citation.cfm?id=647908.740136},
 acmid = {740136},
 publisher = {Springer-Verlag},
 address = {London, UK, UK},
} 
